@manual{oetiket2007lshort,
  author = {Oetiket, T. and Partl, H. and Hyna and Schlegl, E.},
  title  = {The not-so-short introduction to Latex},
  url    = {http://www.ctan.org/tex-archive/info/lshort/english/lshort.pdf}
}

@manual{downes2002shortams,
  title        = {{Short Math Guide for \LaTeX{}}},
  author       = {Downes,, Michael},
  organization = {American Mathematical Society},
  year         = {2002},
  url          = {ftp://ftp.ams.org/pub/tex/doc/amsmath/short-math-guide.pdf}
}

@book{ungar2002uvod,
  author    = {Šime Ungar},
  title     = {{Uvod u \TeX{} s naglaskom na \LaTeX 2$\epsilon$}},
  publisher = {Odjel za matematiku, Sveučilište J.J.\ Strossmayera u Osijeku},
  year      = {2002}
}

@book{ProgramiranjeUJavi,
  author    = {Marko Čupić},
  title     = {Programiranje u Javi},
  publisher = {Marko Čupić},
  year      = {2015},
  url       = {http://java.zemris.fer.hr/nastava/opjj/book-2015-09-30.pdf}
}

@manual{GraphQL,
  author = {Fikayo Adepoju},
  title  = {Introduction to GraphQL},
  url    = {https://circleci.com/blog/introduction-to-graphql/?utm_source=google&utm_medium=sem&utm_campaign=sem-google-dg--emea-en-dsa-maxConv-auth-nb&utm_term=g_-_c__dsa_&utm_content=&gclid=Cj0KCQjwvqeUBhCBARIsAOdt45ZUJuzxRmEx2aRQn8G-i4gLvvFSojTfyb_smxhWuP182ihPCci_06kaAkTLEALw_wcB},
  year   = {2020}
}

@manual{Authentication,
  author = {bezkoder},
  title  = {Spring Boot Token based Authentication with Spring Security and JWT},
  year   = {2022},
  url    = {https://www.bezkoder.com/spring-boot-jwt-authentication/}
}

@manual{Spring,
  author = {Dimitri Mestdagh},
  title  = {Securing your GraphQL API with Spring Security},
  url    = {https://dimitr.im/graphql-spring-security},
  year   = {2020}
}

@manual{bloc,
  author = {Sardor Islomov},
  title  = {Getting Started with the BLoC Pattern},
  url    = {https://www.raywenderlich.com/31973428-getting-started-with-the-bloc-pattern},
  year   = {2022}
}

@manual{json,
  title  = {JSON - Introduction},
  url    = {https://www.w3schools.com/js/js_json_intro.asp},
}
@manual{CloudServices,
  title  = {What are cloud services?},
  url    = {https://www.redhat.com/en/topics/cloud-computing/what-are-cloud-services},
  year   = {2022}
}

@manual{PostgreSQL,
  url          = {https://en.wikipedia.org/wiki/PostgreSQL},
  title        = {PostgreSQL},
  year         = {2022}
}
@manual{ERDPlus,
  url          = {https://erdplus.com/},
  title        = {A database modeling tool for creating Entity Relationship Diagrams, Relational Schemas, Star Schemas, and SQL DDL statements.}
}
https://en.wikipedia.org/wiki/Amazon_Web_Services
@manual{PgAdmin,
  url          = {https://www.pgadmin.org/},
  title        = {PostgreSQL tools}
}
@manual{AWS,
  url          = {https://en.wikipedia.org/wiki/Amazon_Web_Services},
  title        = {Amazon Web Services}
}
@manual{RDS,
  url          = {https://aws.amazon.com/rds/},
  title        = {Amazon RDS}
}
@manual{SpringBoot,
  url          = {https://spring.io/projects/spring-boot},
  title        = {Spring Boot}
}
@manual{maven,
  url          = {https://maven.apache.org/},
  title        = {Welcome to Apache Maven}
}
@manual{git,
  url          = {https://git-scm.com/},
  title        = {Git --fast-version-control}
}
@manual{vsc,
  url          = {https://code.visualstudio.com/},
  title        = {Visual Studio Code}
}
@manual{jwt,
  url          = {https://jwt.io/},
  title        = {jwt}
}
@manual{HMAC,
  url          = {https://en.wikipedia.org/wiki/HMAC},
  title        = {hmac}
}
@manual{BCrypt,
  url          = {https://en.wikipedia.org/wiki/Bcrypt},
  title        = {BCrypt}
}
@manual{Hibernate,
  url          = {https://hibernate.org/orm/documentation/6.0/},
  title        = {Hibernate}
}
@manual{Firebase,
  url          = {https://en.wikipedia.org/wiki/Firebase},
  title        = {Firebase}
}